@online{flux,
  author   = {Lin Clark},
  title    = {A cartoon guide to Flux},
  url      = {https://code-cartoons.com/a-cartoon-guide-to-flux-6157355ab207},
  addendum = {(accessed: 14.07.2021)},
  keywords = {flux,vuex}
}
@online{stackoverflow,
  author   = {stackoverflow.com},
  title    = {StackOverflow - Where Developers Learn, Share and Build},
  url      = {https://stackoverflow.com/},
  keywords = {stack,overflow}
}
@online{laravel,
  author   = {laravel.com},
  title    = {Laravel - The PHP Framework For Web Artisans},
  url      = {https://laravel.com/docs/8.x},
  keywords = {laravel}
}
@online{vuetify,
  author   = {vuetify.com},
  title    = {Vuetify - A Material Design Framework for Vue.js},
  url      = {https://vuetifyjs.com/en/},
  keywords = {vuetify}
}
@online{vue,
  author   = {vuejs.org},
  title    = {Vue.js - The Progressive JavaScript Framework},
  url      = {https://vuejs.org/v2/guide/},
  keywords = {vue}
}
@online{ninja,
  author   = {The Net Ninja},
  title    = {Vue JS 3 Tutorial for Beginners},
  url      = {https://www.youtube.com/channel/UCW5YeuERMmlnqo4oq8vwUpg},
  keywords = {vue,youtube,ninja}
}
@online{w3schools,
  author   = {w3schools},
  title    = {Online Web Tutorials},
  url      = {https://www.w3schools.com/},
  keywords = {vue,youtube,ninja}
}
@online{digitalocean,
  author   = {digitalocean.com},
  title    = {DigitalOcean - The Developer cloud},
  url      = {https://docs.digitalocean.com/},
  keywords = {digital,ocean}
}
@online{switch,
  author   = {switch.ch},
  title    = {SWITCHaai - SWITCH},
  url      = {https://www.switch.ch/aai/guides/},
  keywords = {switch,aai}
}
@online{trustradius,
  author   = {trustradius.com},
  title    = {TrustRadius - Software Reviews and Comparisons},
  url      = {https://www.trustradius.com/reviews},
  keywords = {trust,radius}
}
@online{vuex,
  author   = {vuex.vuejs.org},
  title    = {What is Vuex ? | Vuex},
  url      = {https://vuex.vuejs.org/},
  keywords = {vuex}
}
@online{unlayer,
  author   = {unlayer.com},
  title    = {Unlayer | Free email to build responsive email templates},
  url      = {https://unlayer.com/templates},
  keywords = {unlayer,mail,template}
}
@online{freefrontend,
  author   = {freefrontend.com},
  title    = {Free Frontend},
  url      = {https://freefrontend.com/html-code-examples/},
  keywords = {free,frontend,template}
}
@online{websockets,
  author   = {beyondco.de},
  title    = {Laravel Websockets - Introduction - Beyond Code},
  url      = {https://beyondco.de/docs/laravel-websockets/getting-started/introduction},
  keywords = {websockets}
}